% Encoding: UTF-8

@Book{john2007digital,
  title     = {Digital signal processing: principles, algorithms, and applications},
  publisher = {Pearson Prentice Hall},
  year      = {2007},
  author    = {John G.. Proakis and Dimitris G.. Manolakis},
}

@Book{tranter2004principles,
  title     = {Principles of communication systems simulation with wireless applications},
  publisher = {Prentice Hall New Jersey},
  year      = {2004},
  author    = {Tranter, William H and Rappaport, Theodore S and Kosbar, Kurt L and Shanmugan, K Sam},
}

@Comment{jabref-meta: databaseType:bibtex;}
