% Encoding: UTF-8


@inproceedings{Bennet84,
  title={Quantum cryptography: Public key distribution and coin tossing},
  author={Bennet, Charles H},
  booktitle={Proc. of IEEE Int. Conf. on Comp., Syst. and Signal Proc., Bangalore, India, Dec. 10-12, 1984},
  year={1984}
}

@article{Yakoubov,
  title={A Gentle Introduction to Yaos Garbled Circuits},
  author={Yakoubov, Sophia}
}

@article{Naumann16,
  title={Garbled Circuits},
  author={Naumann, Frederic},
  journal={Network},
  volume={71},
  year={2016}
}
