% Encoding: UTF-8

@article{Weedbrook2004,
  doi = {10.1103/physrevlett.93.170504},
  url = {https://doi.org/10.1103/physrevlett.93.170504},
  year  = {2004},
  month = {oct},
  publisher = {American Physical Society ({APS})},
  volume = {93},
  number = {17},
  author = {Christian Weedbrook and Andrew M. Lance and Warwick P. Bowen and Thomas Symul and Timothy C. Ralph and Ping Koy Lam},
  title = {Quantum Cryptography Without Switching},
  journal = {Physical Review Letters}
}

@Comment{jabref-meta: databaseType:bibtex;}
